<record xmlns="http://www.loc.gov/MARC21/slim" xmlns:xsi="http://www.w3.org/2001/XMLSchema-instance" xsi:schemaLocation="http://www.loc.gov/MARC21/slim http://www.loc.gov/standards/marcxml/schema/MARC21slim.xsd"><leader>01938nam a2200361   4500</leader><controlfield tag="001">002771140</controlfield><controlfield tag="003">NNU</controlfield><controlfield tag="006">m        d        </controlfield><controlfield tag="007">cr cn |||m|||a</controlfield><controlfield tag="008">150116s1967    ir      o     000 0 ara</controlfield><datafield ind1=" " ind2=" " tag="040"><subfield code="a">NNU</subfield><subfield code="b">eng</subfield><subfield code="c">NNU</subfield></datafield><datafield ind1="0" ind2=" " tag="041"><subfield code="a">per</subfield><subfield code="a">ara</subfield></datafield><datafield ind1="0" ind2=" " tag="050"><subfield code="a">B753.M83</subfield><subfield code="b">S5</subfield></datafield><datafield ind1=" " ind2=" " tag="090"><subfield code="a">B753.M83</subfield><subfield code="b">S5</subfield></datafield><datafield ind1="1" ind2=" " tag="100"><subfield code="a">&#7778;adr al-D&#299;n Sh&#299;r&#257;z&#299;, Mu&#7717;ammad ibn Ibr&#257;h&#299;m,</subfield><subfield code="d">d. 1641.</subfield></datafield><datafield ind1="1" ind2="3" tag="245"><subfield code="a">al-Shaw&#257;hid al-rub&#363;b&#299;yah</subfield><subfield code="h">[electronic resource] /</subfield><subfield code="c">[az] &#7778;adr al-D&#299;n Sh&#299;r&#257;z&#299;. B&#257; ta&#699;l&#299;q va ta&#7779;&#7717;&#299;&#7717; va muqaddamah-ki Sayyid Jal&#257;l al-D&#299;n &#256;shtiy&#257;n&#299;.</subfield></datafield><datafield ind1=" " ind2=" " tag="260"><subfield code="a">[Mashhad]</subfield><subfield code="b">Ch&#257;pkh&#257;nah-&#700;i D&#257;nishg&#257;h-i Mashhad,</subfield><subfield code="c">1346 [1967]</subfield></datafield><datafield ind1=" " ind2=" " tag="300"><subfield code="a">online resource (1 v. (various pagings))</subfield></datafield><datafield ind1="1" ind2=" " tag="490"><subfield code="a">Intish&#257;r&#257;t-i D&#257;nishg&#257;h-i Mashhad,</subfield><subfield code="v">shum&#257;rah-&#700;i 14</subfield></datafield><datafield ind1=" " ind2=" " tag="500"><subfield code="a">Added t.p.: al-shaw&#257;hid al-rub&#363;b&#299;yah; Divine witnesses, by &#7778;adr al-D&#299;n Sh&#299;r&#257;z&#299; Mull&#257; &#7778;adr&#257;. With the complete glosses of H&#257;jj&#299; Mull&#257; H&#257;d&#299; Sabziw&#257;r&#299;. Edited with introduction and notes by Seyyed Jal&#257;l &#256;shtiy&#257;n&#299;.</subfield></datafield><datafield ind1=" " ind2=" " tag="500"><subfield code="a">Text in Arabic; commentary and notes in Persian; prefaces in Persian and English.</subfield></datafield><datafield ind1=" " ind2=" " tag="500"><subfield code="a">Part of the Arabic Collections Online (ACO) project, contributed by New York Univeristy Libraries.</subfield></datafield><datafield ind1=" " ind2=" " tag="533"><subfield code="a">Electronic reproduction.</subfield><subfield code="b">New York, N.Y. :</subfield><subfield code="c">New York University,</subfield><subfield code="d">2015.</subfield><subfield code="5">NNU</subfield></datafield><datafield ind1=" " ind2="0" tag="650"><subfield code="a">Islamic philosophy.</subfield></datafield><datafield ind1="1" ind2=" " tag="700"><subfield code="a">Sabzav&#257;r&#299;, H&#257;d&#299; ibn Mahd&#299;,</subfield><subfield code="d">b. 1797 or 8.</subfield></datafield><datafield ind1="1" ind2=" " tag="700"><subfield code="a">&#256;shtiy&#257;n&#299;, Jal&#257;l al-D&#299;n.</subfield></datafield><datafield ind1="2" ind2=" " tag="710"><subfield code="a">New York University.</subfield><subfield code="b">Libraries.</subfield></datafield><datafield ind1="0" ind2=" " tag="730"><subfield code="a">Arabic Collections Online.</subfield></datafield><datafield ind1="0" ind2="8" tag="776"><subfield code="i">Print version:</subfield><subfield code="a">&#7778;adr al-D&#299;n Sh&#299;r&#257;z&#299;, Mu&#7717;ammad ibn Ibr&#257;h&#299;m, d. 1641.</subfield><subfield code="t">al-Shaw&#257;hid al-rub&#363;b&#299;yah</subfield><subfield code="w">(NNU)002771140</subfield><subfield code="w">(DLC)79268522</subfield></datafield><datafield ind1=" " ind2="0" tag="830"><subfield code="a">Intish&#257;r&#257;t-i D&#257;nishg&#257;h-i Mashhad ;</subfield><subfield code="v">shum&#257;rah-&#700;i 14.</subfield></datafield><datafield ind1="4" ind2="0" tag="856"><subfield code="u">http://hdl.handle.net/2333.1/g79cnrhv</subfield></datafield><datafield ind1=" " ind2=" " tag="959"><subfield code="a">NNU</subfield><subfield code="b">WEB</subfield><subfield code="c">GENI</subfield><subfield code="t">0</subfield><subfield code="m">Electronic access</subfield><subfield code="s">01</subfield></datafield><datafield ind1=" " ind2=" " tag="999"><subfield code="i">NNU_002771140</subfield><subfield code="o" /><subfield code="e">(ERROR-880)</subfield></datafield></record>